@report{BenensonBergerCherepantsevetal.2019,
  author    = {Zinaida Benenson and Frederik Berger and Anatoliy Cherepantsev and Sergey Datsevich and Long Do and Moritz Eckert and Tassilo Elsberger and Felix Freiling and Marius Frinken and Hendrik Glameyer and Steffen Hafner and Svenja Hagenhoff and Andreas Hammer and Stefan Hammerl and Florian Hantke and Felix Heindorf and Marcel Henninger and Daniel H{\"o}fer and Phillip Kuhrt and Maximilian Lattka and Tobias Leis and Christian Leubner and Katharina Leyrer and Christian Lindenmeier and Katharina Del Medico and Denise Moussa and Michael Nissen and Alina {\"O}z and Jenny Ottmann and Katharina Reif and Nora Ripley and Armin Roth and Joschua Schilling and Robert Schleicher and David Schulz and Milan Stephan and Christoph Volkert and Max Wehner and Matthias Wild and Johannes Wirth and Julian Wolf and Julia Wunder and Jovana Zlatanovic},
  title     = {Analyse verbreiteter Anwendungen zum Lesen von elektronischen B{\"u}chern},
  institution = {Department Informatik},
  series    = {Technical reports / Department Informatik},
  number    = {CS-2019-06},
  pages     = {1-99},
  year      = {2019},
  url = {http://nbn-resolving.de/urn:nbn:de:bvb:29-opus4-125519}
}